@article{caruso2024finite,
  title = {Finite Mixtures in Capture--Recapture Surveys for Modeling Residency Patterns in Marine Wildlife Populations},
  author = {Caruso, Gianmarco and Alaimo Di Loro, Pierfrancesco and Mingione, Marco and Tardella, Luca and Pace, Daniela Silvia and Jona Lasinio, Giovanna},
  year = {2024},
  journal = {Biometrical Journal},
  volume = {66},
  number = {1},
  pages = {2200350},
  publisher = {Wiley Online Library},
  file = {/Users/devin.johnson/Zotero/storage/AVFTP89E/Caruso et al. - 2024 - Finite mixtures in capture–recapture surveys for m.pdf}
}

@article{crosbie1985parsimonious,
  title = {Parsimonious Modelling of Capture-Mark-Recapture Studies},
  author = {Crosbie, {\relax SF} and Manly, {\relax BFJ}},
  year = {1985},
  journal = {Biometrics. Journal of the International Biometric Society},
  pages = {385--398},
  publisher = {JSTOR},
  date-added = {2021-06-02 09:39:40 -0700},
  date-modified = {2021-06-02 09:39:40 -0700},
  keywords = {fix_rank_cr},
  file = {/Users/devin.johnson/Zotero/storage/N5QY2YVQ/Parsimonious modelling of capture-mark-recapture studies.pdf}
}

@article{efford2020spatial,
  title = {A Spatial Open-Population Capture-Recapture Model},
  author = {Efford, Murray G and Schofield, Matthew R},
  year = {2020},
  journal = {Biometrics. Journal of the International Biometric Society},
  volume = {76},
  number = {2},
  pages = {392--402},
  publisher = {Oxford University Press},
  date-added = {2024-09-25 16:25:16 -0600},
  date-modified = {2024-09-25 16:25:16 -0600},
  keywords = {fix_rank_cr},
  file = {/Users/devin.johnson/Zotero/storage/3QP2WWIY/A spatial open-population capture-recapture model.pdf}
}

@article{glennie2019open,
  title = {Open Population Maximum Likelihood Spatial Capture-Recapture},
  author = {Glennie, Richard and Borchers, David Louis and Murchie, Matthew and Harmsen, {\relax BJ} and Foster, {\relax RJ}},
  year = {2019},
  journal = {Biometrics. Journal of the International Biometric Society},
  volume = {75},
  pages = {1345--1355},
  publisher = {Wiley Online Library},
  date-added = {2019-11-21 16:48:40 -0800},
  date-modified = {2024-09-26 15:59:33 -0600},
  keywords = {fix_rank_cr},
  file = {/Users/devin.johnson/Zotero/storage/6T5QF8ZL/Open population maximum likelihood spatial.pdf}
}

@article{Hooten:2023aa,
  title = {Multistage Hierarchical Capture--Recapture Models},
  author = {Hooten, Mevin B and Schwob, Michael R and Johnson, Devin S and Ivan, Jacob S},
  year = {2023},
  journal = {Environmetrics (London, Ont.)},
  volume = {34},
  pages = {e2799},
  publisher = {Wiley Online Library},
  date-added = {2023-03-30 08:44:15 -0400},
  date-modified = {2023-09-07 10:27:40 -0600},
  keywords = {fix_rank_cr},
  file = {/Users/devin.johnson/Zotero/storage/ESVWCKW9/17669693.pdf;/Users/devin.johnson/Zotero/storage/P8HXMX82/Multistage hierarchical capture--recapture models.pdf}
}

@article{hooten2018prior,
  title = {Making Recursive {{Bayesian}} Inference Accessible},
  author = {Hooten, Mevin B. and Johnson, Devin S. and Brost, Brian M.},
  year = {2021},
  journal = {The American Statistician},
  volume = {75},
  pages = {185--194},
  date-added = {2020-03-10 17:43:07 -0700},
  date-modified = {2021-05-10 11:35:19 -0700},
  keywords = {fix_rank_cr},
  file = {/Users/devin.johnson/Zotero/storage/I79HWDAG/Making Recursive Bayesian Inference Accessible.pdf;/Users/devin.johnson/Zotero/storage/X8BT3KVR/Making recursive Bayesian inference accessible1.pdf}
}

@article{hooten2024geostatistical,
  title = {Geostatistical Capture-Recapture Models},
  author = {Hooten, Mevin B and Schwob, Michael R and Johnson, Devin S and Ivan, Jacob S},
  year = {2024},
  journal = {Spatial Statistics},
  pages = {100817},
  publisher = {Elsevier},
  date-added = {2024-02-13 11:56:37 -0700},
  date-modified = {2024-02-13 11:56:37 -0700},
  keywords = {fix_rank_cr},
  file = {/Users/devin.johnson/Zotero/storage/YMY2SVI4/1-s2.0-S2211675324000083-main.pdf}
}

@article{johnson2010model,
  title = {A Model-Based Approach for Making Ecological Inference from Distance Sampling Data},
  author = {Johnson, Devin S and Laake, Jeffrey L and Ver Hoef, Jay M},
  year = {2010},
  journal = {Biometrics. Journal of the International Biometric Society},
  volume = {66},
  number = {1},
  pages = {310--318},
  date-added = {2014-01-29 23:33:32 +0000},
  date-modified = {2019-09-10 14:48:56 -0700},
  keywords = {fix_rank_cr},
  file = {/Users/devin.johnson/Zotero/storage/YVTTIHLJ/A Model-Based Approach for Making Ecological Inference.pdf}
}

@article{johnson2016multivariate,
  title = {Multivariate State Hidden Markov Models for Mark-Recapture Data},
  author = {Johnson, Devin S and Laake, Jeffrey L and Melin, Sharon R and DeLong, Robert L},
  year = {2016},
  journal = {Statistical Science},
  volume = {31},
  pages = {233--244},
  date-added = {2016-05-24 22:07:11 +0000},
  date-modified = {2016-05-24 22:08:49 +0000},
  file = {/Users/devin.johnson/Zotero/storage/FYP9C3M7/Multivariate State Hidden Markov Models1.pdf}
}

@article{king2015capture,
  title = {Capture-Recapture Abundance Estimation Using a Semi-Complete Data Likelihood Approach},
  author = {King, Ruth and McClintock, Brett T and Kidney, Darren and Borchers, David},
  year = {2015},
  journal = {arXiv preprint arXiv:1508.06313},
  eprint = {1508.06313},
  archiveprefix = {arXiv},
  date-added = {2016-06-16 16:47:10 +0000},
  date-modified = {2016-06-16 16:47:10 +0000},
  keywords = {fix_rank_cr},
  file = {/Users/devin.johnson/Zotero/storage/T5AQY2YU/Capture-recapture abundance estimation using a semi-complete.pdf;/Users/devin.johnson/Zotero/storage/WGDT9ZEX/Capture-recapture abundance estimation using a semi-complete.pdf}
}

@article{link2004hierarchial,
  title = {Hierarchial Mark--Recapture Models: {{A}} Framework for Inference about Demographic Processes},
  author = {Link, William A and Barker, Richard J},
  year = {2004},
  journal = {Animal Biodiversity and Conservation},
  volume = {27},
  number = {1},
  pages = {441--449},
  file = {/Users/devin.johnson/Zotero/storage/JIS2JY2B/Link and Barker - 2004 - Hierarchial mark–recapture models A framework for.pdf}
}

@article{link2005modeling,
  title = {Modeling Association among Demographic Parameters in Analysis of Open Population Capture--Recapture Data},
  author = {Link, William A and Barker, Richard J},
  year = {2005},
  journal = {Biometrics. Journal of the International Biometric Society},
  volume = {61},
  number = {1},
  pages = {46--54},
  publisher = {Oxford University Press},
  date-added = {2024-09-24 11:07:56 -0600},
  date-modified = {2024-09-24 11:07:56 -0600},
  keywords = {fix_rank_cr},
  file = {/Users/devin.johnson/Zotero/storage/HUXDQDBE/Modeling association among demographic parameters.pdf}
}

@article{link2013cautionary,
  title = {A Cautionary Note on the Discrete Uniform Prior for the Binomial {{N}}},
  author = {Link, William A},
  year = {2013},
  journal = {Ecology},
  volume = {94},
  number = {10},
  pages = {2173--2179},
  date-added = {2014-08-08 23:58:40 +0000},
  date-modified = {2019-09-10 14:49:44 -0700},
  keywords = {fix_rank_cr},
  file = {/Users/devin.johnson/Zotero/storage/6NLP4LEQ/A cautionary note on the discrete uniform prior.pdf}
}

@article{mcclintock2020uncovering,
  title = {Uncovering Ecological State Dynamics with Hidden {{Markov}} Models},
  author = {McClintock, Brett T and Langrock, Roland and Gimenez, Olivier and Cam, Emmanuelle and Borchers, David L and Glennie, Richard and Patterson, Toby A},
  year = {2020},
  journal = {Ecology letters},
  volume = {23},
  number = {12},
  pages = {1878--1903},
  publisher = {Wiley Online Library},
  date-added = {2022-03-02 12:04:50 -0800},
  date-modified = {2022-03-02 12:04:50 -0800},
  keywords = {fix_rank_cr},
  file = {/Users/devin.johnson/Zotero/storage/LTRZAVPP/Uncovering ecological state dynamics with.pdf}
}

@article{Pledger:2010fk,
  title = {Open Capture-Recapture Models with Heterogeneity {{II}}. {{Jolly-Seber}} Model},
  author = {Pledger, S and Pollock, {\relax KH} and Norris, {\relax JL}},
  year = {2010},
  journal = {Biometrics. Journal of the International Biometric Society},
  volume = {66},
  pages = {883--890},
  date-added = {2013-01-15 00:40:04 +0000},
  date-modified = {2013-01-15 00:41:42 +0000},
  file = {/Users/devin.johnson/Zotero/storage/28XC2MEQ/Open capture-recapture models with heterogeneity0.pdf}
}

@article{Royle:2007kx,
  title = {Analysis of Multinomial Models with Unknown Index Using Data Augmentation},
  author = {Royle, J. Andrew and Dorazio, Robert M. and Link, William A.},
  year = {2007},
  month = mar,
  journal = {Journal of Computational and Graphical Statistics},
  volume = {16},
  number = {1},
  pages = {67--85},
  publisher = {AMER STATISTICAL ASSOC},
  address = {1429 DUKE ST, ALEXANDRIA, VA 22314 USA},
  doi = {DOI 10.1198/106186007X181425},
  abstract = {Multinomial models with unknown index ("sample size") arise in many practical settings. In practice, Bayesian analysis of such models has proved difficult because the dimension of the parameter space is not fixed, being in some cases a function of the unknown index. We describe a data augmentation approach to the analysis of this class of models that provides for a generic and efficient Bayesian implementation. Under this approach, the data are augmented with all-zero detection histories. The resulting augmented dataset is modeled as a zero-inflated version of the complete-data model where an estimable zero-inflation parameter takes the place of the unknown multinomial index. Interestingly, data augmentation can be justified as being equivalent to imposing a discrete uniform prior on the multinomial index. We provide three examples involving estimating the size of an animal population, estimating the number of diabetes cases in a population using the Rasch model, and the motivating example of estimating the number of species in an animal community with latent probabilities of species occurrence and detection.},
  date-added = {2011-07-13 10:14:12 -0700},
  date-modified = {2011-07-13 10:14:12 -0700},
  isi = {000244878400004},
  isi-recid = {154956461},
  isi-ref-recids = {87886566 121300024 119293596 121300025 107954853 87271751 91852717 117585275 69492156 109544687 84503693 130114436 146118209 149708604 147377130 146042846 112507522 83055748 150194520 134789414 87154782 86001341 120534903 132574061 154956462 126017909 136348545 96272297 43177483 115425164 70382241 59651891 154956463 149375685 20873733 95837345 62972501 127510726 126593807 59368009 93602734},
  times-cited = {26},
  keywords = {capture-recapture,fix_rank_cr,multiple lists,population size estimation,Rasch model,site-occupancy,species richness,zero-inflation},
  file = {/Users/devin.johnson/Zotero/storage/HM5L6ZQ3/Analysis of multinomial models with unknown.pdf}
}

@book{Royle:2008kx,
  title = {Hierarchical Modeling and Inference in Ecology},
  author = {Royle, J. A. and Dorazio, Robert M.},
  year = {2008},
  publisher = {Academic Press- Elsevier Ltd},
  date-added = {2011-07-13 13:31:40 -0700},
  date-modified = {2011-07-13 13:34:10 -0700},
  keywords = {fix_rank_cr}
}

@article{saracco2023fast,
  title = {Fast and Flexible {{Bayesian Jolly Seber}} Models and Application to Populations with Transients},
  author = {Saracco, James F and Yackulic, Charles B},
  year = {2023},
  journal = {bioRxiv : the preprint server for biology},
  volume = {2023.05.25.542303},
  publisher = {Cold Spring Harbor Laboratory},
  doi = {10.1101/2023.05.25.542303},
  date-added = {2024-09-26 12:16:54 -0600},
  date-modified = {2024-09-26 12:25:52 -0600},
  elocation-id = {2023.05.25.542303},
  keywords = {fix_rank_cr},
  file = {/Users/devin.johnson/Zotero/storage/UA7X3DK8/Fast and flexible Bayesian Jolly Seber.pdf}
}

@article{schofield201650,
  title = {50-Year-Old Curiosities: Ancillarity and Inference in Capture--Recapture Models},
  author = {Schofield, Matthew and Barker, Richard and others},
  year = {2016},
  journal = {Statistical Science},
  volume = {31},
  number = {2},
  pages = {161--174},
  publisher = {Institute of Mathematical Statistics},
  date-added = {2020-07-09 10:36:58 -0700},
  date-modified = {2020-07-09 10:36:58 -0700},
  keywords = {fix_rank_cr},
  file = {/Users/devin.johnson/Zotero/storage/42C8UG9Z/50-year-old curiosities ancillarity and inference in capture--recapture1.pdf;/Users/devin.johnson/Zotero/storage/DJFUW6TA/50-year-old curiosities ancillarity and inference in capture--recapture.pdf}
}

@article{schofield2023estimating,
  title = {Estimating Population Size: {{The}} Importance of Model and Estimator Choice},
  author = {Schofield, Matthew R and Barker, Richard J and Link, William A and Pavanato, Heloise},
  year = {2023},
  journal = {Biometrics. Journal of the International Biometric Society},
  publisher = {Wiley Online Library},
  date-added = {2023-10-30 10:54:39 -0600},
  date-modified = {2023-10-30 10:54:39 -0600},
  keywords = {fix_rank_cr},
  file = {/Users/devin.johnson/Zotero/storage/FTYYZED8/Schofieldetal.2023.Estimatingpopulationsizetheimportanceofmodelandestimatorchoice.pdf}
}

@article{schwarz1996general,
  title = {A General Methodology for the Analysis of Capture-Recapture Experiments in Open Populations},
  author = {Schwarz, Carl James and Arnason, A Neil},
  year = {1996},
  journal = {Biometrics. Journal of the International Biometric Society},
  pages = {860--873},
  publisher = {JSTOR},
  date-added = {2021-06-01 20:23:46 -0700},
  date-modified = {2021-06-01 20:23:46 -0700},
  keywords = {fix_rank_cr},
  file = {/Users/devin.johnson/Zotero/storage/K2XFUZHG/A general methodology for the analysis of capture-recapture experiments.pdf;/Users/devin.johnson/Zotero/storage/LXBYHU8Z/A general methodology for the analysis of capture-recapture experiments1.pdf}
}

@article{schwarz2001jolly,
  title = {The {{Jolly-Seber}} Model: More than Just Abundance},
  author = {Schwarz, Carl J},
  year = {2001},
  journal = {Journal of Agricultural, Biological, and Environmental Statistics},
  volume = {6},
  pages = {195--205},
  publisher = {Springer},
  file = {/Users/devin.johnson/Zotero/storage/URAH5QBE/Schwarz - 2001 - The Jolly-Seber model more than just abundance.pdf}
}

@article{schwarz2009jolly,
  title = {Jolly-Seber Models in {{MARK}}},
  author = {Schwarz, Carl James and Arnason, A Neil},
  year = {2009},
  journal = {MARK: a gentle introduction (eds. E. Cooch \& G. White) Program, 8th edn. Available: http://www. phidot. org/software/mark/docs/book},
  file = {/Users/devin.johnson/Zotero/storage/FRCI7ZJX/Schwarz and Arnason - 2009 - Jolly-seber models in MARK.pdf}
}

@article{scott2002bayesian,
  title = {Bayesian Methods for Hidden {{Markov}} Models: {{Recursive}} Computing in the 21st Century},
  author = {Scott, Steven L},
  year = {2002},
  journal = {Journal of the American Statistical Association},
  volume = {97},
  number = {457},
  pages = {337--351},
  publisher = {Taylor \&amp; Francis},
  date-added = {2013-05-15 17:09:25 +0000},
  date-modified = {2013-05-15 17:09:25 +0000},
  file = {/Users/devin.johnson/Zotero/storage/6FDSML69/Bayesian methods for hidden Markov models.pdf}
}

@article{xxx,
  title = {Unknown},
  author = {{Citation}},
  year = {2015},
  journal = {Unknown},
  date-added = {2015-06-04 18:38:55 +0000},
  date-modified = {2015-06-10 22:06:07 +0000},
  keywords = {fix_rank_cr}
}

@article{yackulic2020need,
  title = {A Need for Speed in {{Bayesian}} Population Models: A Practical Guide to Marginalizing and Recovering Discrete Latent States},
  author = {Yackulic, Charles B and Dodrill, Michael and Dzul, Maria and Sanderlin, Jamie S and Reid, Janice A},
  year = {2020},
  journal = {Ecological Applications},
  volume = {30},
  number = {5},
  pages = {e02112},
  publisher = {Wiley Online Library},
  date-added = {2025-01-13 11:11:35 -0700},
  date-modified = {2025-01-13 11:11:35 -0700},
  keywords = {fix_rank_cr},
  file = {/Users/devin.johnson/Zotero/storage/8SDTXVCH/A need for speed in Bayesian population models.pdf}
}

@article{zhang2023flexible,
  title = {A Flexible and Efficient {{Bayesian}} Implementation of Point Process Models for Spatial Capture--Recapture Data},
  author = {Zhang, Wei and Chipperfield, Joseph D and Illian, Janine B and Dupont, Pierre and Milleret, Cyril and {de Valpine}, Perry and Bischof, Richard},
  year = {2023},
  journal = {Ecology},
  volume = {104},
  number = {1},
  pages = {e3887},
  publisher = {Wiley Online Library},
  date-added = {2024-09-26 16:23:14 -0600},
  date-modified = {2024-09-26 16:23:40 -0600},
  keywords = {fix_rank_cr},
  file = {/Users/devin.johnson/Zotero/storage/DLEM2LAI/A flexible and efficient B ayesian implementation of point.pdf}
}
